[gd_scene load_steps=13 format=2]

[ext_resource path="res://Core_Sound.gd" type="Script" id=1]
[ext_resource path="res://assets/sound/se_scorerun.wav" type="AudioStream" id=2]
[ext_resource path="res://assets/sound/se_pushbutton.wav" type="AudioStream" id=3]
[ext_resource path="res://assets/sound/se_correctanswer.wav" type="AudioStream" id=4]
[ext_resource path="res://assets/sound/se_wrong.wav" type="AudioStream" id=5]
[ext_resource path="res://assets/sound/se_win.wav" type="AudioStream" id=6]
[ext_resource path="res://assets/sound/se_results.wav" type="AudioStream" id=7]
[ext_resource path="res://assets/sound/se_criticaltime .wav" type="AudioStream" id=8]
[ext_resource path="res://assets/sound/ms_attheendofhope.wav" type="AudioStream" id=9]
[ext_resource path="res://assets/sound/ms_awesomeness.wav" type="AudioStream" id=10]
[ext_resource path="res://assets/sound/ms_Christmas synths.wav" type="AudioStream" id=11]
[ext_resource path="res://assets/sound/ms_Night Prowler.wav" type="AudioStream" id=12]

[node name="Node2D" type="Node2D"]
script = ExtResource( 1 )

[node name="se_scorerun" type="AudioStreamPlayer" parent="."]
stream = ExtResource( 2 )

[node name="se_pushbutton" type="AudioStreamPlayer" parent="."]
stream = ExtResource( 3 )

[node name="se_currectanswer" type="AudioStreamPlayer" parent="."]
stream = ExtResource( 4 )

[node name="se_wrong" type="AudioStreamPlayer" parent="."]
stream = ExtResource( 5 )

[node name="se_win" type="AudioStreamPlayer" parent="."]
stream = ExtResource( 6 )

[node name="se_results" type="AudioStreamPlayer" parent="."]
stream = ExtResource( 7 )

[node name="se_criticaltime" type="AudioStreamPlayer" parent="."]
stream = ExtResource( 8 )

[node name="ms_attheendofhope" type="AudioStreamPlayer" parent="."]
stream = ExtResource( 9 )

[node name="ms_awesomeness" type="AudioStreamPlayer" parent="."]
stream = ExtResource( 10 )

[node name="ms_Christmas synths" type="AudioStreamPlayer" parent="."]
stream = ExtResource( 11 )

[node name="ms_Night Prowler" type="AudioStreamPlayer" parent="."]
stream = ExtResource( 12 )
[connection signal="finished" from="ms_attheendofhope" to="." method="_on_ms_attheendofhope_finished"]
[connection signal="finished" from="ms_awesomeness" to="." method="_on_ms_awesomeness_finished"]
[connection signal="finished" from="ms_Christmas synths" to="." method="_on_ms_Christmas_synths_finished"]
[connection signal="finished" from="ms_Night Prowler" to="." method="_on_ms_Night_Prowler_finished"]
