[gd_scene load_steps=53 format=2]

[ext_resource path="res://Level.gd" type="Script" id=1]
[ext_resource path="res://assets/button0-9/btn00.png" type="Texture" id=2]
[ext_resource path="res://assets/button0-9/btn00_hl.png" type="Texture" id=3]
[ext_resource path="res://assets/button0-9/btn01.png" type="Texture" id=4]
[ext_resource path="res://assets/button0-9/btn01_hl.png" type="Texture" id=5]
[ext_resource path="res://assets/button0-9/btn02.png" type="Texture" id=6]
[ext_resource path="res://assets/button0-9/btn02_hl.png" type="Texture" id=7]
[ext_resource path="res://assets/button0-9/btn03.png" type="Texture" id=8]
[ext_resource path="res://assets/button0-9/btn03_hl.png" type="Texture" id=9]
[ext_resource path="res://assets/button0-9/btn04.png" type="Texture" id=10]
[ext_resource path="res://assets/button0-9/btn04_hl.png" type="Texture" id=11]
[ext_resource path="res://assets/button0-9/btn05.png" type="Texture" id=12]
[ext_resource path="res://assets/button0-9/btn05_hl.png" type="Texture" id=13]
[ext_resource path="res://assets/button0-9/btn06.png" type="Texture" id=14]
[ext_resource path="res://assets/button0-9/btn06_hl.png" type="Texture" id=15]
[ext_resource path="res://assets/button0-9/btn07.png" type="Texture" id=16]
[ext_resource path="res://assets/button0-9/btn07_hl.png" type="Texture" id=17]
[ext_resource path="res://assets/button0-9/btn08.png" type="Texture" id=18]
[ext_resource path="res://assets/button0-9/btn08_hl.png" type="Texture" id=19]
[ext_resource path="res://assets/button0-9/btn09.png" type="Texture" id=20]
[ext_resource path="res://assets/button0-9/btn09_hl.png" type="Texture" id=21]
[ext_resource path="res://assets/ui/time_bar01.png" type="Texture" id=22]
[ext_resource path="res://assets/ui/time_bar02.png" type="Texture" id=23]
[ext_resource path="res://assets/ui/time_bar03.png" type="Texture" id=24]
[ext_resource path="res://assets/ui/time_ui.png" type="Texture" id=25]
[ext_resource path="res://assets/ui/status_bar.png" type="Texture" id=26]
[ext_resource path="res://assets/ui/passwordguide.png" type="Texture" id=27]
[ext_resource path="res://assets/font/PixelMiners-KKal.otf" type="DynamicFontData" id=28]
[ext_resource path="res://assets/title/title_bg1.png" type="Texture" id=29]
[ext_resource path="res://assets/title/title_bg0.png" type="Texture" id=30]
[ext_resource path="res://assets/systems/complete01.png" type="Texture" id=31]
[ext_resource path="res://complete01.gd" type="Script" id=32]
[ext_resource path="res://assets/systems/complete02.png" type="Texture" id=33]
[ext_resource path="res://complete02.gd" type="Script" id=34]
[ext_resource path="res://assets/systems/countdown3.png" type="Texture" id=35]
[ext_resource path="res://assets/systems/countdown2.png" type="Texture" id=36]
[ext_resource path="res://assets/systems/countdown1.png" type="Texture" id=37]
[ext_resource path="res://assets/systems/btnPause.png" type="Texture" id=38]
[ext_resource path="res://assets/systems/btnPause_dis.png" type="Texture" id=39]
[ext_resource path="res://assets/systems/btnUnpause.png" type="Texture" id=40]
[ext_resource path="res://assets/systems/btnExit.png" type="Texture" id=41]
[ext_resource path="res://assets/font/Quark-Bold.otf" type="DynamicFontData" id=42]
[ext_resource path="res://assets/icon/icon_test01.png" type="Texture" id=43]
[ext_resource path="res://assets/font/KulachatSlab-Regular.ttf" type="DynamicFontData" id=44]
[ext_resource path="res://assets/ui/Player.png" type="Texture" id=45]
[ext_resource path="res://assets/ui/room0.png" type="Texture" id=46]

[sub_resource type="DynamicFont" id=1]
size = 32
font_data = ExtResource( 28 )

[sub_resource type="DynamicFont" id=2]
size = 96
font_data = ExtResource( 28 )

[sub_resource type="DynamicFont" id=3]
size = 48
font_data = ExtResource( 42 )

[sub_resource type="DynamicFont" id=4]
size = 62
font_data = ExtResource( 44 )

[sub_resource type="Animation" id=5]
resource_name = "walk_right"
length = 0.25
tracks/0/type = "value"
tracks/0/path = NodePath("Sprite:frame")
tracks/0/interp = 1
tracks/0/loop_wrap = true
tracks/0/imported = false
tracks/0/enabled = true
tracks/0/keys = {
"times": PoolRealArray( 0, 0.11 ),
"transitions": PoolRealArray( 1, 1 ),
"update": 1,
"values": [ 1, 0 ]
}

[sub_resource type="CapsuleShape2D" id=6]

[node name="Level" type="Node2D"]
script = ExtResource( 1 )
__meta__ = {
"_edit_horizontal_guides_": [  ],
"_edit_vertical_guides_": [ 300.78 ]
}

[node name="btn0" type="TextureButton" parent="."]
margin_left = 389.721
margin_top = 574.928
margin_right = 570.721
margin_bottom = 754.928
rect_scale = Vector2( 0.5, 0.5 )
texture_normal = ExtResource( 2 )
texture_disabled = ExtResource( 3 )

[node name="btn1" type="TextureButton" parent="."]
margin_left = 289.721
margin_top = 474.928
margin_right = 470.721
margin_bottom = 654.928
rect_scale = Vector2( 0.5, 0.5 )
texture_normal = ExtResource( 4 )
texture_disabled = ExtResource( 5 )

[node name="btn2" type="TextureButton" parent="."]
margin_left = 389.721
margin_top = 474.928
margin_right = 570.721
margin_bottom = 654.928
rect_scale = Vector2( 0.5, 0.5 )
texture_normal = ExtResource( 6 )
texture_disabled = ExtResource( 7 )

[node name="btn3" type="TextureButton" parent="."]
margin_left = 493.721
margin_top = 474.928
margin_right = 674.721
margin_bottom = 654.928
rect_scale = Vector2( 0.5, 0.5 )
texture_normal = ExtResource( 8 )
texture_disabled = ExtResource( 9 )

[node name="btn4" type="TextureButton" parent="."]
margin_left = 289.721
margin_top = 374.928
margin_right = 470.721
margin_bottom = 554.928
rect_scale = Vector2( 0.5, 0.5 )
texture_normal = ExtResource( 10 )
texture_disabled = ExtResource( 11 )

[node name="btn5" type="TextureButton" parent="."]
margin_left = 389.721
margin_top = 374.928
margin_right = 570.721
margin_bottom = 554.928
rect_scale = Vector2( 0.5, 0.5 )
texture_normal = ExtResource( 12 )
texture_disabled = ExtResource( 13 )

[node name="btn6" type="TextureButton" parent="."]
margin_left = 493.721
margin_top = 374.928
margin_right = 674.721
margin_bottom = 554.928
rect_scale = Vector2( 0.5, 0.5 )
texture_normal = ExtResource( 14 )
texture_disabled = ExtResource( 15 )

[node name="btn7" type="TextureButton" parent="."]
margin_left = 289.721
margin_top = 274.928
margin_right = 470.721
margin_bottom = 454.928
rect_scale = Vector2( 0.5, 0.5 )
texture_normal = ExtResource( 16 )
texture_disabled = ExtResource( 17 )

[node name="btn8" type="TextureButton" parent="."]
margin_left = 389.721
margin_top = 274.928
margin_right = 570.721
margin_bottom = 454.928
rect_scale = Vector2( 0.5, 0.5 )
texture_normal = ExtResource( 18 )
texture_disabled = ExtResource( 19 )

[node name="btn9" type="TextureButton" parent="."]
margin_left = 493.721
margin_top = 274.928
margin_right = 674.721
margin_bottom = 454.928
rect_scale = Vector2( 0.5, 0.5 )
texture_normal = ExtResource( 20 )
texture_disabled = ExtResource( 21 )

[node name="time_bar01" type="Sprite" parent="."]
position = Vector2( 337.244, 92.7229 )
texture = ExtResource( 22 )

[node name="time_bar02" type="Sprite" parent="."]
position = Vector2( 116.956, 92.7229 )
texture = ExtResource( 23 )
offset = Vector2( 220, 0 )

[node name="time_bar03" type="Sprite" parent="."]
position = Vector2( 557.859, 92.7229 )
texture = ExtResource( 24 )

[node name="time_ui" type="Sprite" parent="."]
position = Vector2( 60.1189, 78.4813 )
texture = ExtResource( 25 )

[node name="status_bar" type="Sprite" parent="."]
texture = ExtResource( 26 )
centered = false

[node name="passwordguide" type="Sprite" parent="."]
position = Vector2( 142.996, 407.93 )
texture = ExtResource( 27 )

[node name="ScrollContainer" type="ScrollContainer" parent="passwordguide"]
margin_left = -112.198
margin_top = -215.885
margin_right = 122.802
margin_bottom = 219.115
rect_min_size = Vector2( 50, 50 )
scroll_horizontal_enabled = false

[node name="VBox" type="VBoxContainer" parent="passwordguide/ScrollContainer"]
size_flags_vertical = 5
custom_constants/separation = 4

[node name="labTop" type="Label" parent="passwordguide/ScrollContainer/VBox"]
visible = false
margin_right = 81.0
margin_bottom = 35.0
custom_fonts/font = SubResource( 1 )
text = "123"

[node name="ParallaxBackground" type="ParallaxBackground" parent="."]

[node name="BGSky" type="ParallaxLayer" parent="ParallaxBackground"]
motion_mirroring = Vector2( 1668, 0 )

[node name="title_bg1" type="Sprite" parent="ParallaxBackground/BGSky"]
texture = ExtResource( 29 )
centered = false

[node name="BGCity" type="ParallaxLayer" parent="ParallaxBackground"]
motion_mirroring = Vector2( 1668, 0 )

[node name="title_bg0" type="Sprite" parent="ParallaxBackground/BGCity"]
texture = ExtResource( 30 )
centered = false

[node name="passwordAns" type="Label" parent="."]
margin_left = 310.204
margin_top = 145.537
margin_right = 556.204
margin_bottom = 249.537
custom_fonts/font = SubResource( 2 )
text = "012"

[node name="CanvasAlert" type="CanvasLayer" parent="."]
layer = 5

[node name="PanelBlack2" type="Panel" parent="CanvasAlert"]
visible = false
modulate = Color( 1, 1, 1, 0.658824 )
margin_right = 600.0
margin_bottom = 1024.0

[node name="complete01" type="Sprite" parent="CanvasAlert"]
visible = false
position = Vector2( 300, 512 )
texture = ExtResource( 31 )
script = ExtResource( 32 )

[node name="complete02" type="Sprite" parent="CanvasAlert"]
visible = false
position = Vector2( 300, 512 )
texture = ExtResource( 33 )
script = ExtResource( 34 )

[node name="CanvasF" type="CanvasLayer" parent="."]
layer = 10

[node name="PanelBlack" type="Panel" parent="CanvasF"]
visible = false
modulate = Color( 1, 1, 1, 0.658824 )
margin_right = 600.0
margin_bottom = 1024.0

[node name="Time" type="Node2D" parent="CanvasF"]

[node name="countdown3" type="Sprite" parent="CanvasF/Time"]
visible = false
position = Vector2( 300, 512 )
scale = Vector2( 1.25, 1.25 )
texture = ExtResource( 35 )

[node name="countdown2" type="Sprite" parent="CanvasF/Time"]
visible = false
position = Vector2( 300, 512 )
scale = Vector2( 1.25, 1.25 )
texture = ExtResource( 36 )

[node name="countdown1" type="Sprite" parent="CanvasF/Time"]
visible = false
position = Vector2( 300, 512 )
scale = Vector2( 1.25, 1.25 )
texture = ExtResource( 37 )

[node name="btnPause" type="TextureButton" parent="CanvasF"]
margin_left = 530.205
margin_top = -6.06941
margin_right = 734.205
margin_bottom = 196.931
rect_scale = Vector2( 0.389599, 0.389599 )
texture_normal = ExtResource( 38 )
texture_disabled = ExtResource( 39 )

[node name="btnUnpause" type="TextureButton" parent="CanvasF"]
visible = false
margin_left = 497.898
margin_top = 84.3434
margin_right = 703.898
margin_bottom = 298.343
rect_scale = Vector2( 0.5, 0.5 )
texture_normal = ExtResource( 40 )

[node name="btnExit" type="TextureButton" parent="CanvasF"]
visible = false
margin_left = 497.898
margin_top = 193.174
margin_right = 703.898
margin_bottom = 407.174
rect_scale = Vector2( 0.5, 0.5 )
texture_normal = ExtResource( 41 )

[node name="UILevel" type="Control" parent="."]
margin_right = 40.0
margin_bottom = 40.0

[node name="labScore" type="Label" parent="UILevel"]
margin_left = 275.173
margin_top = 944.914
margin_right = 359.173
margin_bottom = 1009.91
custom_fonts/font = SubResource( 3 )
custom_colors/font_color = Color( 0.956863, 0.717647, 0.545098, 1 )
text = "999"
align = 2

[node name="iconGold" type="TextureRect" parent="UILevel"]
margin_left = 208.553
margin_top = 943.603
margin_right = 464.553
margin_bottom = 1199.6
rect_scale = Vector2( 0.217445, 0.217445 )
texture = ExtResource( 43 )

[node name="labLevel" type="Label" parent="UILevel"]
margin_left = 21.0264
margin_top = 919.781
margin_right = 172.026
margin_bottom = 1029.78
custom_fonts/font = SubResource( 4 )
custom_colors/font_color = Color( 0.756863, 0.992157, 1, 1 )
text = "CS 101"
align = 1

[node name="PlayerRun" type="Node" parent="."]

[node name="Player" type="Area2D" parent="PlayerRun"]
position = Vector2( 511.809, 795.819 )

[node name="Sprite" type="Sprite" parent="PlayerRun/Player"]
texture = ExtResource( 45 )
hframes = 2

[node name="AnimationPlayer" type="AnimationPlayer" parent="PlayerRun/Player"]
anims/walk_right = SubResource( 5 )

[node name="CollisionShape2D" type="CollisionShape2D" parent="PlayerRun/Player"]
scale = Vector2( 3.99079, 3.50668 )
shape = SubResource( 6 )

[node name="bgRoom" type="ParallaxBackground" parent="."]

[node name="pl1" type="ParallaxLayer" parent="bgRoom"]
modulate = Color( 0.47451, 0.47451, 0.47451, 1 )
motion_mirroring = Vector2( 235, 0 )

[node name="room0" type="Sprite" parent="bgRoom/pl1"]
position = Vector2( 7.51096, 789.427 )
texture = ExtResource( 46 )

[node name="room1" type="Sprite" parent="bgRoom/pl1"]
position = Vector2( 477.511, 789.427 )
texture = ExtResource( 46 )

[node name="pl2" type="ParallaxLayer" parent="bgRoom"]
motion_mirroring = Vector2( 235, 0 )

[node name="icon_test01" type="Sprite" parent="bgRoom/pl2"]
position = Vector2( -40.551, 802.895 )
scale = Vector2( 0.218466, 0.218466 )
texture = ExtResource( 43 )

[node name="icon_test02" type="Sprite" parent="bgRoom/pl2"]
position = Vector2( 193.652, 802.895 )
scale = Vector2( 0.218466, 0.218466 )
texture = ExtResource( 43 )
[connection signal="pressed" from="btn0" to="." method="_on_btn0_pressed"]
[connection signal="pressed" from="btn1" to="." method="_on_btn1_pressed"]
[connection signal="pressed" from="btn2" to="." method="_on_btn2_pressed"]
[connection signal="pressed" from="btn3" to="." method="_on_btn3_pressed"]
[connection signal="pressed" from="btn4" to="." method="_on_btn4_pressed"]
[connection signal="pressed" from="btn5" to="." method="_on_btn5_pressed"]
[connection signal="pressed" from="btn6" to="." method="_on_btn6_pressed"]
[connection signal="pressed" from="btn7" to="." method="_on_btn7_pressed"]
[connection signal="pressed" from="btn8" to="." method="_on_btn8_pressed"]
[connection signal="pressed" from="btn9" to="." method="_on_btn9_pressed"]
[connection signal="pressed" from="CanvasF/btnPause" to="." method="_on_btnPause_pressed"]
[connection signal="pressed" from="CanvasF/btnUnpause" to="." method="_on_btnUnpause_pressed"]
[connection signal="pressed" from="CanvasF/btnExit" to="." method="_on_btnExit_pressed"]
