[gd_scene load_steps=13 format=2]

[ext_resource path="res://Main.gd" type="Script" id=1]
[ext_resource path="res://assets/title/title_stolefinal01.png" type="Texture" id=2]
[ext_resource path="res://assets/title/title_bg1.png" type="Texture" id=3]
[ext_resource path="res://assets/title/title_bg0.png" type="Texture" id=4]
[ext_resource path="res://assets/systems/btnplayersingle.png" type="Texture" id=5]
[ext_resource path="res://assets/systems/btnonline.png" type="Texture" id=6]
[ext_resource path="res://assets/systems/btnscore.png" type="Texture" id=7]
[ext_resource path="res://assets/systems/btnshop.png" type="Texture" id=8]
[ext_resource path="res://assets/systems/btnHowtoplay.png" type="Texture" id=9]
[ext_resource path="res://assets/systems/btn_contact.png" type="Texture" id=10]
[ext_resource path="res://assets/font/KulachatSlab-Regular.ttf" type="DynamicFontData" id=11]

[sub_resource type="DynamicFont" id=1]
size = 32
font_data = ExtResource( 11 )

[node name="Main" type="Control"]
script = ExtResource( 1 )

[node name="Logo" type="TextureRect" parent="."]
margin_left = 84.0667
margin_top = 159.045
margin_right = 526.067
margin_bottom = 433.045
texture = ExtResource( 2 )

[node name="ParallaxBackground" type="ParallaxBackground" parent="."]

[node name="BGSky" type="ParallaxLayer" parent="ParallaxBackground"]
motion_mirroring = Vector2( 1668, 0 )

[node name="title_bg1" type="Sprite" parent="ParallaxBackground/BGSky"]
texture = ExtResource( 3 )
centered = false

[node name="BGCity" type="ParallaxLayer" parent="ParallaxBackground"]
motion_mirroring = Vector2( 1668, 0 )

[node name="title_bg0" type="Sprite" parent="ParallaxBackground/BGCity"]
position = Vector2( 1.75806, 1.75806 )
texture = ExtResource( 4 )
centered = false

[node name="btnPlayersingle" type="TextureButton" parent="."]
margin_left = 90.0
margin_top = 650.0
margin_right = 262.0
margin_bottom = 823.001
rect_scale = Vector2( 0.65, 0.65 )
texture_normal = ExtResource( 5 )

[node name="btnonline" type="TextureButton" parent="."]
margin_left = 260.0
margin_top = 650.0
margin_right = 431.0
margin_bottom = 823.0
rect_scale = Vector2( 0.65, 0.65 )
texture_normal = ExtResource( 6 )

[node name="btnscore" type="TextureButton" parent="."]
margin_left = 430.0
margin_top = 650.0
margin_right = 602.0
margin_bottom = 823.0
rect_scale = Vector2( 0.65, 0.65 )
texture_normal = ExtResource( 7 )

[node name="btnshop" type="TextureButton" parent="."]
margin_left = 90.0
margin_top = 820.0
margin_right = 261.0
margin_bottom = 993.0
rect_scale = Vector2( 0.65, 0.65 )
texture_normal = ExtResource( 8 )

[node name="btnhowtoplay" type="TextureButton" parent="."]
margin_left = 260.0
margin_top = 820.0
margin_right = 431.0
margin_bottom = 993.0
rect_scale = Vector2( 0.65, 0.65 )
texture_normal = ExtResource( 9 )

[node name="btncontact" type="TextureButton" parent="."]
margin_left = 430.0
margin_top = 820.0
margin_right = 601.0
margin_bottom = 993.0
rect_scale = Vector2( 0.65, 0.65 )
texture_normal = ExtResource( 10 )

[node name="Label" type="Label" parent="."]
margin_left = 347.916
margin_top = 969.724
margin_right = 589.916
margin_bottom = 1026.72
custom_fonts/font = SubResource( 1 )
text = "version 0.5 @ 2019"
[connection signal="pressed" from="btnPlayersingle" to="." method="_on_btnPlayersingle_pressed"]
[connection signal="pressed" from="btnonline" to="." method="_on_btnonline_pressed"]
[connection signal="pressed" from="btnscore" to="." method="_on_btnscore_pressed"]
[connection signal="pressed" from="btnshop" to="." method="_on_btnshop_pressed"]
[connection signal="pressed" from="btnhowtoplay" to="." method="_on_btnhowtoplay_pressed"]
[connection signal="pressed" from="btncontact" to="." method="_on_btncontact_pressed"]
